<?xml version="1.0" encoding="UTF-8"?><collection xmlns="http://www.loc.gov/MARC21/slim"><record><leader>00555nam--2200181-i-4500</leader><controlfield tag="001">000028744</controlfield><controlfield tag="002">20161230</controlfield><controlfield tag="005">20161230201037</controlfield><controlfield tag="008">060222s1000------------r-----000-0-fre-d</controlfield><datafield ind1=" " ind2=" " tag="040"><subfield code="a">IFIN-HH</subfield></datafield><datafield ind1=" " ind2=" " tag="041"><subfield code="a">fre</subfield></datafield><datafield ind1=" " ind2=" " tag="080"><subfield code="a">015:537.523:533.9</subfield></datafield><datafield ind1="1" ind2=" " tag="100"><subfield code="a">Le Goff, Felix</subfield></datafield><datafield ind1="1" ind2="0" tag="245"><subfield code="a">Etude de la decharge electrique radiofrequence dans un courant de vapeurs d`hydrocarbures aromatiques a basse pression</subfield><subfield code="b">These</subfield><subfield code="c">Felix le goff</subfield></datafield><datafield ind1=" " ind2=" " tag="260"><subfield code="a">Rennes</subfield><subfield code="b">Universite De Rennes</subfield><subfield code="c">1971</subfield></datafield><datafield ind1=" " ind2=" " tag="300"><subfield code="a">140P</subfield></datafield><datafield ind1=" " ind2=" " tag="852"><subfield code="a">38268</subfield><subfield code="c">537.52</subfield></datafield><datafield ind1=" " ind2=" " tag="CAT"><subfield code="a">Sys</subfield><subfield code="c">20110804</subfield><subfield code="h">102819</subfield></datafield></record></collection>